<?xml version="1.0" encoding="utf-8"?>
<record xmlns="http://www.loc.gov/MARC21/slim" xmlns:xsi="http://www.w3.org/2001/XMLSchema-instance" xsi:schemaLocation="http://www.loc.gov/MARC21/slim http://www.loc.gov/standards/marcxml/schema/MARC21slim.xsd">
	<leader>     nam a22     Mi 4500</leader>
	<controlfield tag="001">3063358</controlfield>
	<controlfield tag="003">NNC</controlfield>
	<controlfield tag="006">m        d        </controlfield>
	<controlfield tag="007">cr cn |||m|||a</controlfield>
	<controlfield tag="008">190509s1945    xx      o     000 0 ara d</controlfield>
	<datafield ind1=" " ind2=" " tag="040">
		<subfield code="a">ZYU</subfield>
		<subfield code="b">ara</subfield>
		<subfield code="e">rda</subfield>
		<subfield code="c">ZYU</subfield>
	</datafield>
	<datafield ind1="0" ind2="4" tag="050">
		<subfield code="a">B749.Z7</subfield>
		<subfield code="b">M8 (Orien Arab)</subfield>
	</datafield>
	<datafield ind1="1" ind2=" " tag="100">
		<subfield code="6">880-01</subfield>
		<subfield code="a">Mūsá, Muḥammad Yūsuf. </subfield>
	</datafield>
	<datafield ind1="1" ind2="0" tag="245">
		<subfield code="6">880-02</subfield>
		<subfield code="a">Ibn Rushd al-faylasūf.</subfield>
	</datafield>
	<datafield ind1=" " ind2=" " tag="260">
		<subfield code="6">880-03</subfield>
		<subfield code="a">[al-Qāhirah] :</subfield>
		<subfield code="b">Dār Iḥyāʼ al-Kutub al-ʻArabīyah,</subfield>
		<subfield code="c">[1945]</subfield>
	</datafield>
	<datafield ind1=" " ind2=" " tag="300">
		<subfield code="a">online resource (117, [1] pages)</subfield>
	</datafield>
	<datafield ind1=" " ind2=" " tag="336">
		<subfield code="a">text</subfield>
		<subfield code="2">rdacontent</subfield>
	</datafield>
	<datafield ind1=" " ind2=" " tag="337">
		<subfield code="a">computer</subfield>
		<subfield code="2">rdamedia</subfield>
	</datafield>
	<datafield ind1=" " ind2=" " tag="338">
		<subfield code="a">online resource</subfield>
		<subfield code="2">rdacarrier</subfield>
	</datafield>
	<datafield ind1="1" ind2=" " tag="490">
		<subfield code="6">880-04</subfield>
		<subfield code="a">Aʻlām al-Islām ;</subfield>
		<subfield code="v">11</subfield>
	</datafield>
	<datafield ind1=" " ind2=" " tag="500">
		<subfield code="a">Romanized.</subfield>
	</datafield>
	<datafield ind1=" " ind2=" " tag="500">
		<subfield code="a">Part of the Arabic Collections Online (ACO) project, contributed by Columbia University Libraries.</subfield>
	</datafield>
	<datafield ind1=" " ind2=" " tag="533">
		<subfield code="a">Electronic reproduction.</subfield>
		<subfield code="b">New York, N.Y. :</subfield>
		<subfield code="c">New York University,</subfield>
		<subfield code="d">2019.</subfield>
		<subfield code="5">NNU</subfield>
	</datafield>
	<datafield ind1="0" ind2="0" tag="600">
		<subfield code="a">Averroës,</subfield>
		<subfield code="d">1126-1198.</subfield>
	</datafield>
	<datafield ind1="0" ind2="7" tag="600">
		<subfield code="a">Averroës,</subfield>
		<subfield code="d">1126-1198</subfield>
		<subfield code="2">fast</subfield>
		<subfield code="0">(OCoLC)fst00069334</subfield>
	</datafield>
	<datafield ind1="2" ind2=" " tag="710">
		<subfield code="a">Columbia University.</subfield>
		<subfield code="b">Libraries.</subfield>
	</datafield>
	<datafield ind1="0" ind2=" " tag="730">
		<subfield code="a">Arabic Collections Online.</subfield>
	</datafield>
	<datafield ind1="0" ind2="8" tag="776">
		<subfield code="i">Online version:</subfield>
		<subfield code="a">Mūsá, Muḥammad Yūsuf.</subfield>
		<subfield code="t">Ibn Rudhs al-faylasūf.</subfield>
		<subfield code="d">[1945]</subfield>
		<subfield code="w">(OCoLC)587030291</subfield>
	</datafield>
	<datafield ind1="0" ind2="8" tag="776">
		<subfield code="i">Print version:</subfield>
		<subfield code="a">Mūsá, Muḥammad Yūsuf.</subfield>
		<subfield code="t">Ibn Rushd al-faylasūf</subfield>
		<subfield code="w">(NNC)3063358</subfield>
		<subfield code="w">(DLC)ne 63001247 </subfield>
		<subfield code="w">(OCoLC)23491541</subfield>
	</datafield>
	<datafield ind1=" " ind2="0" tag="830">
		<subfield code="6">880-05</subfield>
		<subfield code="a">Aʻlām al-Islām ;</subfield>
		<subfield code="v">11.</subfield>
	</datafield>
	<datafield ind1="4" ind2="0" tag="856">
		<subfield code="u">http://hdl.handle.net/2333.1/02v6x507</subfield>
	</datafield>
	<datafield ind1="1" ind2=" " tag="880">
		<subfield code="6">100-01</subfield>
		<subfield code="a">موسى، محمد يوسف. </subfield>
	</datafield>
	<datafield ind1="1" ind2="0" tag="880">
		<subfield code="6">245-02</subfield>
		<subfield code="a">ابن رشد الفيلسوف.</subfield>
	</datafield>
	<datafield ind1=" " ind2=" " tag="880">
		<subfield code="6">260-03</subfield>
		<subfield code="a">[القاهرة] :</subfield>
		<subfield code="b">دار احياء الكتب العربية،</subfield>
		<subfield code="c">[1945]</subfield>
	</datafield>
	<datafield ind1="1" ind2=" " tag="880">
		<subfield code="6">490-04</subfield>
		<subfield code="a">اعلام الاسلام ؛</subfield>
		<subfield code="v">11</subfield>
	</datafield>
	<datafield ind1=" " ind2="0" tag="880">
		<subfield code="6">830-05</subfield>
		<subfield code="a">اعلام الاسلام ؛</subfield>
		<subfield code="v">11.</subfield>
	</datafield>
	<datafield ind1=" " ind2=" " tag="959">
		<subfield code="a">NNU</subfield>
		<subfield code="b">WEB</subfield>
		<subfield code="c">GENI</subfield>
		<subfield code="t">0</subfield>
		<subfield code="m">Electronic access</subfield>
		<subfield code="s">01</subfield>
	</datafield>
	<datafield ind1=" " ind2=" " tag="999">
		<subfield code="i">NNC_3063358</subfield>
		<subfield code="o">(OCoLC)ocm23491541</subfield>
		<subfield code="s">columbia_aco003882</subfield>
		<subfield code="e">(ERROR-880)</subfield>
		<subfield code="s">columbia_aco003882</subfield>
	</datafield>
</record>
